<?xml version="1.0" encoding="UTF-8"?><collection xmlns="http://www.loc.gov/MARC21/slim"><record><leader>00526nam--2200181-i-4500</leader><controlfield tag="001">000039636</controlfield><controlfield tag="002">20161230</controlfield><controlfield tag="005">20161230201042</controlfield><controlfield tag="008">060222s1000------------r-----000-0-fre-d</controlfield><datafield ind1=" " ind2=" " tag="040"><subfield code="a">IFIN-HH</subfield></datafield><datafield ind1=" " ind2=" " tag="041"><subfield code="a">fre</subfield></datafield><datafield ind1=" " ind2=" " tag="080"><subfield code="a">539.126.4(047.3)</subfield></datafield><datafield ind1="1" ind2=" " tag="100"><subfield code="a">Rosselet, Laurent</subfield></datafield><datafield ind1="1" ind2="0" tag="245"><subfield code="a">Etude experimentale de l`interaction, et du courant hadronique dans la desintegration</subfield><subfield code="b">These</subfield><subfield code="c">Laurent rosselet</subfield></datafield><datafield ind1=" " ind2=" " tag="260"><subfield code="a">Geneve</subfield><subfield code="b">Universite</subfield><subfield code="c">1977</subfield></datafield><datafield ind1=" " ind2=" " tag="300"><subfield code="a">75P.+ DIF.FIG</subfield></datafield><datafield ind1=" " ind2=" " tag="852"><subfield code="a">44794</subfield><subfield code="c">539.12</subfield></datafield><datafield ind1=" " ind2=" " tag="CAT"><subfield code="a">Sys</subfield><subfield code="c">20111128</subfield><subfield code="h">134106</subfield></datafield></record></collection>